@book{adams1995hitchhiker,
  title={The Hitchhiker's Guide to the Galaxy},
  author={Adams, D.},
  isbn={9781417642595},
  url={http://books.google.com/books?id=W-xMPgAACAAJ},
  year={1995},
  publisher={San Val}
}


@ARTICLE{Kipping2018,
       author = {{Kipping}, David},
        title = "{The Orbital Period Prior for Single Transits}",
      journal = {Research Notes of the American Astronomical Society},
         year = 2018,
        month = dec,
       volume = {2},
       number = {4},
          eid = {223},
        pages = {223},
          doi = {10.3847/2515-5172/aaf50c},
       adsurl = {https://ui.adsabs.harvard.edu/abs/2018RNAAS...2..223K},
      adsnote = {Provided by the SAO/NASA Astrophysics Data System}
}


@ARTICLE{Sandford2019,
       author = {{Sandford}, Emily and {Espinoza}, N{\'e}stor and {Brahm}, Rafael and {Jord{\'a}n}, Andr{\'e}s},
        title = "{Estimation of singly transiting K2 planet periods with Gaia parallaxes}",
      journal = {\mnras},
     keywords = {methods: data analysis, methods: statistical, planets and satellites: fundamental parameters, stars: planetary systems, Astrophysics - Earth and Planetary Astrophysics},
         year = 2019,
        month = nov,
       volume = {489},
       number = {3},
        pages = {3149-3161},
          doi = {10.1093/mnras/stz2348},
archivePrefix = {arXiv},
       eprint = {1908.08548},
 primaryClass = {astro-ph.EP},
       adsurl = {https://ui.adsabs.harvard.edu/abs/2019MNRAS.489.3149S},
      adsnote = {Provided by the SAO/NASA Astrophysics Data System}
}